
@book{pierce_acoustics_2019,
	address = {Cham},
	title = {Acoustics: {An} {Introduction} to {Its} {Physical} {Principles} and {Applications}},
	isbn = {978-3-030-11213-4 978-3-030-11214-1},
	shorttitle = {Acoustics},
	url = {http://link.springer.com/10.1007/978-3-030-11214-1},
	language = {en},
	urldate = {2022-08-01},
	publisher = {Springer International Publishing},
	author = {Pierce, Allan D.},
	year = {2019},
	doi = {10.1007/978-3-030-11214-1},
	file = {Pierce_2019_Acoustics.pdf:/home/nuopel/Zotero/storage/DUXFFBP3/Pierce_2019_Acoustics.pdf:application/pdf},
}
